<?xml version="1.0" encoding="UTF-8"?><record xmlns="http://www.loc.gov/MARC21/slim" xmlns:cinclude="http://apache.org/cocoon/include/1.0" xmlns:zs="http://www.loc.gov/zing/srw/">
  <leader>01072cz  a2200217n  4500</leader>
  <controlfield tag="001">no 94005637 </controlfield>
  <controlfield tag="003">DLC</controlfield>
  <controlfield tag="005">20160212123535.0</controlfield>
  <controlfield tag="008">940218n| azannaabn          |a ana     c</controlfield>
  <datafield tag="010" ind1=" " ind2=" ">
    <subfield code="a">no 94005637 </subfield>
  </datafield>
  <datafield tag="040" ind1=" " ind2=" ">
    <subfield code="a">InU</subfield>
    <subfield code="b">eng</subfield>
    <subfield code="e">rda</subfield>
    <subfield code="c">InU</subfield>
    <subfield code="d">DLC</subfield>
  </datafield>
  <datafield tag="046" ind1=" " ind2=" ">
    <subfield code="s">1784</subfield>
  </datafield>
  <datafield tag="110" ind1="2" ind2=" ">
    <subfield code="a">Maatschappij tot Nut van 't Algemeen</subfield>
  </datafield>
  <datafield tag="370" ind1=" " ind2=" ">
    <subfield code="c">Netherlands</subfield>
  </datafield>
  <datafield tag="410" ind1="2" ind2=" ">
    <subfield code="a">Maatschappij tot Nut van het Algemeen</subfield>
  </datafield>
  <datafield tag="410" ind1="2" ind2=" ">
    <subfield code="a">Society for the Common Benefit (Netherlands)</subfield>
  </datafield>
  <datafield tag="410" ind1="2" ind2=" ">
    <subfield code="a">Tot Nut van 't Algemeen (Society)</subfield>
  </datafield>
  <datafield tag="670" ind1=" " ind2=" ">
    <subfield code="a">Nederlandsch Volksliederenboek, 1900:</subfield>
    <subfield code="b">t.p. (Maatschappij tot Nut van 't Algemeen)</subfield>
  </datafield>
  <datafield tag="670" ind1=" " ind2=" ">
    <subfield code="a">Patriots, democrats, and social enlightenment, 1987:</subfield>
    <subfield code="b">leaf 26 (Maatschappij tot Nut van het Algemeen (Society for the Common Benefit)) leaf 385, etc. (Maatschappij tot Nut van 't Algemeen)</subfield>
  </datafield>
  <datafield tag="670" ind1=" " ind2=" ">
    <subfield code="a">Grote Winkler Prins</subfield>
    <subfield code="b">(hdg.: Nut van 't Algemeen, Maatschappij tot; ref.: Maatschappij tot Nut van 't Algemeen; founded in Edam 16 Nov. 1784)</subfield>
  </datafield>
  <datafield tag="670" ind1=" " ind2=" ">
    <subfield code="a">Gezangen ten dienste der scholen, 1813-1817:</subfield>
    <subfield code="b">t.p. (uitgegeven door de maatschappij: Tot Nut van 't Algemeen)</subfield>
  </datafield>
</record>